<?xml version="1.0" encoding="UTF-8"?>
<!DOCTYPE html PUBLIC "-//W3C//DTD XHTML 1.0 Transitional//EN"
    "http://www.w3.org/TR/xhtml1/DTD/xhtml1-transitional.dtd">
<html xmlns="http://www.w3.org/1999/xhtml" xml:lang="en" lang="en">
 <head>
  <title>
</title>
<meta http-equiv="Content-Type" content="text/html;charset=utf-8" />
  <meta name='ocr-system' content='tesseract 3.04.00' />
  <meta name='ocr-capabilities' content='ocr_page ocr_carea ocr_par ocr_line ocrx_word'/>
</head>
<body>
  <div class='ocr_page' id='page_1' title='image "./poetaescenicila01bothgoog_0012.png"; bbox 0 0 2642 4650; ppageno 0'>
   <div class='ocr_carea' id='block_1_1' title="bbox 198 230 1897 335">
    <p class='ocr_par' dir='ltr' id='par_1_1' title="bbox 198 230 1897 335">
     <span class='ocr_line' id='line_1_1' title="bbox 198 230 1897 335; baseline -0.005 -23"><span class='ocrx_word' id='word_1_1' title='bbox 198 252 634 314; x_wconf 74' lang='lat' dir='ltr'>&#39;0v111.</span> <span class='ocrx_word' id='word_1_2' title='bbox 901 230 1897 335; x_wconf 80' lang='lat' dir='ltr'>PRAEFATIO.</span> 
     </span>
    </p>
   </div>
   <div class='ocr_carea' id='block_1_2' title="bbox 239 329 2589 4151">
    <p class='ocr_par' dir='ltr' id='par_1_2' title="bbox 239 329 2589 4151">
     <span class='ocr_line' id='line_1_2' title="bbox 345 329 2485 525; baseline -0.001 -34"><span class='ocrx_word' id='word_1_3' title='bbox 345 443 676 494; x_wconf 89' lang='lat' dir='ltr'><strong>amorem</strong></span> <span class='ocrx_word' id='word_1_4' title='bbox 741 417 964 492; x_wconf 82' lang='lat' dir='ltr'><strong>Ennii</strong></span> <span class='ocrx_word' id='word_1_5' title='bbox 984 467 1005 508; x_wconf 92' lang='lat'>,</span> <span class='ocrx_word' id='word_1_6' title='bbox 1072 417 1288 506; x_wconf 87' lang='lat' dir='ltr'><strong>Attii,</strong></span> <span class='ocrx_word' id='word_1_7' title='bbox 1360 412 1823 514; x_wconf 85' lang='lat' dir='ltr'><strong>aliorumque</strong></span> <span class='ocrx_word' id='word_1_8' title='bbox 1864 329 2192 525; x_wconf 55' lang='lat' dir='ltr'><strong>priene</strong></span> <span class='ocrx_word' id='word_1_9' title='bbox 2232 422 2485 495; x_wconf 84' lang='lat' dir='ltr'><strong>aetatis</strong></span> 
     </span>
     <span class='ocr_line' id='line_1_3' title="bbox 342 551 2491 664; baseline -0.002 -36"><span class='ocrx_word' id='word_1_10' title='bbox 342 560 594 664; x_wconf 61' lang='lat' dir='ltr'><strong>poetar</strong></span> <span class='ocrx_word' id='word_1_11' title='bbox 598 579 726 626; x_wconf 90' lang='lat' dir='ltr'><strong>um</strong></span> <span class='ocrx_word' id='word_1_12' title='bbox 749 603 783 645; x_wconf 68' lang='lat'>,</span> <span class='ocrx_word' id='word_1_13' title='bbox 822 554 952 649; x_wconf 89' lang='lat' dir='ltr'><strong>qui</strong></span> <span class='ocrx_word' id='word_1_14' title='bbox 1001 553 1136 624; x_wconf 87' lang='lat' dir='ltr'><strong>etsi</strong></span> <span class='ocrx_word' id='word_1_15' title='bbox 1185 551 1337 622; x_wconf 85' lang='lat' dir='ltr'><strong>illis</strong></span> <span class='ocrx_word' id='word_1_16' title='bbox 1385 554 1837 648; x_wconf 86' lang='lat' dir='ltr'><strong>temporibus</strong></span> <span class='ocrx_word' id='word_1_17' title='bbox 1884 554 2131 626; x_wconf 81' lang='lat' dir='ltr'><strong>vixere</strong></span> <span class='ocrx_word' id='word_1_18' title='bbox 2148 603 2169 644; x_wconf 93' lang='lat'>,</span> <span class='ocrx_word' id='word_1_19' title='bbox 2220 555 2491 648; x_wconf 87' lang='lat' dir='ltr'><strong>quibus</strong></span> 
     </span>
     <span class='ocr_line' id='line_1_4' title="bbox 292 668 2589 794; baseline -0.002 -33"><span class='ocrx_word' id='word_1_20' title='bbox 292 753 306 761; x_wconf 63' lang='lat'><em>,</em></span> <span class='ocrx_word' id='word_1_21' title='bbox 343 693 608 786; x_wconf 82' lang='lat' dir='ltr'>Apollo</span> <span class='ocrx_word' id='word_1_22' title='bbox 693 675 776 762; x_wconf 87' lang='lat' dir='ltr'><strong>ac</strong></span> <span class='ocrx_word' id='word_1_23' title='bbox 837 686 1101 760; x_wconf 87' lang='lat' dir='ltr'><strong>Musae</strong></span> <span class='ocrx_word' id='word_1_24' title='bbox 1167 689 1707 760; x_wconf 73' lang='lat' dir='ltr'><strong>cothurnatum</strong></span> <span class='ocrx_word' id='word_1_25' title='bbox 1793 677 1879 760; x_wconf 83' lang='lat' dir='ltr'><strong>in</strong></span> <span class='ocrx_word' id='word_1_26' title='bbox 1958 689 2143 794; x_wconf 58' lang='lat' dir='ltr'><strong>urpe</strong></span> <span class='ocrx_word' id='word_1_27' title='bbox 2220 668 2493 783; x_wconf 84' lang='lat' dir='ltr'><strong>pedem</strong></span> <span class='ocrx_word' id='word_1_28' title='bbox 2587 711 2589 738; x_wconf 74' lang='lat'>1</span> 
     </span>
     <span class='ocr_line' id='line_1_5' title="bbox 275 799 2495 924; baseline -0.002 -28"><span class='ocrx_word' id='word_1_29' title='bbox 275 808 294 828; x_wconf 67' lang='lat'><strong><em>‘</em></strong></span> <span class='ocrx_word' id='word_1_30' title='bbox 340 799 619 921; x_wconf 69' lang='lat' dir='ltr'><strong>ponere</strong></span> <span class='ocrx_word' id='word_1_31' title='bbox 667 825 968 895; x_wconf 90' lang='lat' dir='ltr'><strong>demum</strong></span> <span class='ocrx_word' id='word_1_32' title='bbox 1020 839 1427 918; x_wconf 84' lang='lat' dir='ltr'><strong>coeperant,</strong></span> <span class='ocrx_word' id='word_1_33' title='bbox 1476 839 1727 894; x_wconf 84' lang='lat' dir='ltr'><strong>tamen</strong></span> <span class='ocrx_word' id='word_1_34' title='bbox 1774 824 1865 894; x_wconf 89' lang='lat' dir='ltr'><strong>ad</strong></span> <span class='ocrx_word' id='word_1_35' title='bbox 1886 914 1901 924; x_wconf 87' lang='lat'><strong>..</strong></span> <span class='ocrx_word' id='word_1_36' title='bbox 1916 847 2217 894; x_wconf 86' lang='lat' dir='ltr'><strong>carmen</strong></span> <span class='ocrx_word' id='word_1_37' title='bbox 2262 823 2495 893; x_wconf 85' lang='lat' dir='ltr'><strong>subli-</strong></span> 
     </span>
     <span class='ocr_line' id='line_1_6' title="bbox 341 946 2589 1052; baseline -0.001 -21"><span class='ocrx_word' id='word_1_38' title='bbox 341 960 497 1031; x_wconf 77' lang='lat' dir='ltr'><strong>mis</strong></span> <span class='ocrx_word' id='word_1_39' title='bbox 533 958 826 1052; x_wconf 88' lang='lat' dir='ltr'><strong>spiritus</strong></span> <span class='ocrx_word' id='word_1_40' title='bbox 875 958 1190 1052; x_wconf 85' lang='lat' dir='ltr'><strong>plenum</strong></span> <span class='ocrx_word' id='word_1_41' title='bbox 1215 957 1577 1052; x_wconf 57' lang='lat' dir='ltr'><strong>proximi,</strong></span> <span class='ocrx_word' id='word_1_42' title='bbox 1631 959 1933 1052; x_wconf 85' lang='lat' dir='ltr'><strong>ejusque</strong></span> <span class='ocrx_word' id='word_1_43' title='bbox 1983 946 2335 1047; x_wconf 72' lang='lat' dir='ltr'><strong>melioriS,</strong></span> <span class='ocrx_word' id='word_1_44' title='bbox 2382 981 2493 1028; x_wconf 88' lang='lat' dir='ltr'><strong>se-</strong></span> <span class='ocrx_word' id='word_1_45' title='bbox 2587 995 2589 998; x_wconf 54' lang='lat'>&gt;</span> 
     </span>
     <span class='ocr_line' id='line_1_7' title="bbox 347 1074 2498 1186; baseline -0.001 -22"><span class='ocrx_word' id='word_1_46' title='bbox 347 1092 498 1174; x_wconf 80' lang='lat' dir='ltr'><strong>culi</strong></span> <span class='ocrx_word' id='word_1_47' title='bbox 543 1091 849 1162; x_wconf 59' lang='lat' dir='ltr'><strong>vatibus*</strong></span> <span class='ocrx_word' id='word_1_48' title='bbox 876 1091 1193 1178; x_wconf 81' lang='lat' dir='ltr'><strong>feliciter</strong></span> <span class='ocrx_word' id='word_1_49' title='bbox 1227 1091 1406 1162; x_wconf 87' lang='lat' dir='ltr'><strong>ade&#39;o</strong></span> <span class='ocrx_word' id='word_1_50' title='bbox 1436 1091 1637 1166; x_wconf 81' lang='lat' dir='ltr'><strong>viam</strong></span> <span class='ocrx_word' id='word_1_51' title='bbox 1668 1074 2125 1164; x_wconf 78' lang='lat' dir='ltr'><strong>munierunt.</strong></span> <span class='ocrx_word' id='word_1_52' title='bbox 2228 1093 2498 1186; x_wconf 78' lang='lat' dir='ltr'><strong>Neque</strong></span> 
     </span>
     <span class='ocr_line' id='line_1_8' title="bbox 250 1198 2499 1322; baseline -0 -25"><span class='ocrx_word' id='word_1_53' title='bbox 250 1198 256 1210; x_wconf 36' lang='grc' dir='ltr'>Ι</span> <span class='ocrx_word' id='word_1_54' title='bbox 344 1227 558 1308; x_wconf 83' lang='lat' dir='ltr'><strong>aliter</strong></span> <span class='ocrx_word' id='word_1_55' title='bbox 607 1225 959 1315; x_wconf 71' lang='lat' dir='ltr'><strong>judicare,</strong></span> <span class='ocrx_word' id='word_1_56' title='bbox 981 1226 1294 1321; x_wconf 85' lang='lat' dir='ltr'><strong>arbitror</strong></span> <span class='ocrx_word' id='word_1_57' title='bbox 1344 1250 1789 1319; x_wconf 81' lang='lat' dir='ltr'><strong>quemquam</strong></span> <span class='ocrx_word' id='word_1_58' title='bbox 1808 1275 1828 1316; x_wconf 88' lang='lat'>‚</span> <span class='ocrx_word' id='word_1_59' title='bbox 1906 1229 2037 1322; x_wconf 89' lang='lat' dir='ltr'><strong>qui</strong></span> <span class='ocrx_word' id='word_1_60' title='bbox 2098 1247 2189 1298; x_wconf 78' lang='lat' dir='ltr'><strong>ex</strong></span> <span class='ocrx_word' id='word_1_61' title='bbox 2235 1249 2499 1322; x_wconf 87' lang='lat' dir='ltr'><strong>ungue</strong></span> 
     </span>
     <span class='ocr_line' id='line_1_9' title="bbox 346 1347 2504 1460; baseline -0.001 -29"><span class='ocrx_word' id='word_1_62' title='bbox 346 1363 650 1432; x_wconf 82' lang='lat' dir='ltr'><strong>leonem</strong></span> <span class='ocrx_word' id='word_1_63' title='bbox 699 1360 877 1428; x_wconf 77' lang='lat' dir='ltr'><strong>sciat</strong></span> <span class='ocrx_word' id='word_1_64' title='bbox 925 1357 1379 1432; x_wconf 81' lang='lat' dir='ltr'><strong>aestimare.“</strong></span> <span class='ocrx_word' id='word_1_65' title='bbox 1490 1361 1679 1432; x_wconf 85' lang='lat' dir='ltr'><strong>Sane</strong></span> <span class='ocrx_word' id='word_1_66' title='bbox 1726 1361 1912 1433; x_wconf 88' lang='lat' dir='ltr'><strong>haec</strong></span> <span class='ocrx_word' id='word_1_67' title='bbox 1975 1375 2083 1430; x_wconf 84' lang='lat' dir='ltr'><strong>est</strong></span> <span class='ocrx_word' id='word_1_68' title='bbox 2131 1347 2504 1460; x_wconf 77' lang='lat' dir='ltr'><strong>sententia</strong></span> 
     </span>
     <span class='ocr_line' id='line_1_10' title="bbox 351 1473 2507 1597; baseline -0 -34"><span class='ocrx_word' id='word_1_69' title='bbox 351 1478 716 1597; x_wconf 77' lang='lat' dir='ltr'><strong>omnium,</strong></span> <span class='ocrx_word' id='word_1_70' title='bbox 770 1493 899 1585; x_wconf 83' lang='lat' dir='ltr'><strong>qui</strong></span> <span class='ocrx_word' id='word_1_71' title='bbox 949 1517 1107 1564; x_wconf 91' lang='lat' dir='ltr'><strong>non</strong></span> <span class='ocrx_word' id='word_1_72' title='bbox 1159 1519 1200 1563; x_wconf 90' lang='lat' dir='ltr'><strong>a</strong></span> <span class='ocrx_word' id='word_1_73' title='bbox 1250 1473 1517 1563; x_wconf 79' lang='lat' dir='ltr'><strong>limine</strong></span> <span class='ocrx_word' id='word_1_74' title='bbox 1564 1508 1841 1565; x_wconf 83' lang='lat' dir='ltr'><strong>veteres</strong></span> <span class='ocrx_word' id='word_1_75' title='bbox 1882 1495 2196 1564; x_wconf 78' lang='lat' dir='ltr'><strong>salutare</strong></span> <span class='ocrx_word' id='word_1_76' title='bbox 2226 1507 2333 1562; x_wconf 88' lang='lat' dir='ltr'><strong>sat</strong></span> <span class='ocrx_word' id='word_1_77' title='bbox 2363 1495 2507 1580; x_wconf 73' lang='lat' dir='ltr'><strong>ha-</strong></span> 
     </span>
     <span class='ocr_line' id='line_1_11' title="bbox 347 1627 2506 1720; baseline 0 -24"><span class='ocrx_word' id='word_1_78' title='bbox 347 1628 548 1718; x_wconf 72' lang='lat' dir='ltr'><strong>hent,</strong></span> <span class='ocrx_word' id='word_1_79' title='bbox 601 1627 724 1696; x_wconf 85' lang='lat' dir='ltr'><strong>sed</strong></span> <span class='ocrx_word' id='word_1_80' title='bbox 773 1628 977 1720; x_wconf 85' lang='lat' dir='ltr'>quasi</span> <span class='ocrx_word' id='word_1_81' title='bbox 1026 1628 1292 1696; x_wconf 86' lang='lat' dir='ltr'><strong>intus</strong></span> <span class='ocrx_word' id='word_1_82' title='bbox 1321 1643 1434 1704; x_wconf 63' lang='lat' dir='ltr'><strong>„et</strong></span> <span class='ocrx_word' id='word_1_83' title='bbox 1480 1628 1584 1696; x_wconf 87' lang='lat' dir='ltr'><strong>in</strong></span> <span class='ocrx_word' id='word_1_84' title='bbox 1632 1642 1867 1718; x_wconf 79' lang='lat' dir='ltr'><strong>cute,</strong></span> <span class='ocrx_word' id='word_1_85' title='bbox 1914 1643 2001 1696; x_wconf 81' lang='lat' dir='ltr'><strong>ut</strong></span> <span class='ocrx_word' id='word_1_86' title='bbox 2050 1629 2151 1698; x_wconf 82' lang='lat' dir='ltr'><strong>ait</strong></span> <span class='ocrx_word' id='word_1_87' title='bbox 2180 1629 2506 1718; x_wconf 72' lang='lat' dir='ltr'><strong>Persiu3‚</strong></span> 
     </span>
     <span class='ocr_line' id='line_1_12' title="bbox 253 1749 2509 1860; baseline 0 -28"><span class='ocrx_word' id='word_1_88' title='bbox 253 1779 278 1790; x_wconf 81' lang='lat'><strong><em>‘</em></strong></span> <span class='ocrx_word' id='word_1_89' title='bbox 345 1783 562 1832; x_wconf 85' lang='lat' dir='ltr'><strong>nosse</strong></span> <span class='ocrx_word' id='word_1_90' title='bbox 613 1762 932 1856; x_wconf 71' lang='lat' dir='ltr'><strong>cupiunt</strong></span> <span class='ocrx_word' id='word_1_91' title='bbox 969 1760 1537 1853; x_wconf 80' lang='lat' dir='ltr'><strong>antiquitatem</strong></span> <span class='ocrx_word' id='word_1_92' title='bbox 1504 1810 1526 1850; x_wconf 88' lang='lat'>‚</span> <span class='ocrx_word' id='word_1_93' title='bbox 1582 1776 1655 1830; x_wconf 88' lang='lat' dir='ltr'><strong>et</strong></span> <span class='ocrx_word' id='word_1_94' title='bbox 1706 1763 1891 1834; x_wconf 87' lang='lat' dir='ltr'><strong>sicut</strong></span> <span class='ocrx_word' id='word_1_95' title='bbox 1934 1749 2365 1860; x_wconf 81' lang='lat' dir='ltr'><strong>linguarum</strong></span> <span class='ocrx_word' id='word_1_96' title='bbox 2415 1761 2509 1832; x_wconf 88' lang='lat' dir='ltr'><strong>in</strong></span> 
     </span>
     <span class='ocr_line' id='line_1_13' title="bbox 346 1894 2511 1994; baseline 0.001 -30"><span class='ocrx_word' id='word_1_97' title='bbox 346 1919 656 1994; x_wconf 83' lang='lat' dir='ltr'><strong>genere,</strong></span> <span class='ocrx_word' id='word_1_98' title='bbox 729 1895 834 1965; x_wconf 88' lang='lat' dir='ltr'><strong>sic</strong></span> <span class='ocrx_word' id='word_1_99' title='bbox 887 1895 1228 1990; x_wconf 85' lang='lat' dir='ltr'><strong>inprimis</strong></span> <span class='ocrx_word' id='word_1_100' title='bbox 1275 1897 1659 1964; x_wconf 84' lang='lat' dir='ltr'><strong>Romanae</strong></span> <span class='ocrx_word' id='word_1_101' title='bbox 1708 1895 2049 1986; x_wconf 87' lang='lat' dir='ltr'><strong>loquelae</strong></span> <span class='ocrx_word' id='word_1_102' title='bbox 2098 1894 2511 1985; x_wconf 84' lang='lat' dir='ltr'><strong>primordia</strong></span> 
     </span>
     <span class='ocr_line' id='line_1_14' title="bbox 351 2001 2505 2138; baseline -0 -39"><span class='ocrx_word' id='word_1_103' title='bbox 351 2001 576 2138; x_wconf 79' lang='lat' dir='ltr'><strong>digna</strong></span> <span class='ocrx_word' id='word_1_104' title='bbox 627 2043 922 2098; x_wconf 86' lang='lat' dir='ltr'><strong>censent</strong></span> <span class='ocrx_word' id='word_1_105' title='bbox 943 2076 964 2116; x_wconf 87' lang='lat'>‚</span> <span class='ocrx_word' id='word_1_106' title='bbox 1019 2049 1208 2118; x_wconf 87' lang='lat' dir='ltr'><strong>quae</strong></span> <span class='ocrx_word' id='word_1_107' title='bbox 1257 2027 1521 2094; x_wconf 84' lang='lat' dir='ltr'><strong>altiori</strong></span> <span class='ocrx_word' id='word_1_108' title='bbox 1554 2026 1907 2120; x_wconf 84' lang='lat' dir='ltr'><strong>indagine</strong></span> <span class='ocrx_word' id='word_1_109' title='bbox 1952 2026 2505 2120; x_wconf 80' lang='lat' dir='ltr'><strong>perquirantur.</strong></span> 
     </span>
     <span class='ocr_line' id='line_1_15' title="bbox 271 2159 2513 2259; baseline -0.001 -26"><span class='ocrx_word' id='word_1_110' title='bbox 271 2195 290 2204; x_wconf 62' lang='grc'><strong><em>’</em></strong></span> <span class='ocrx_word' id='word_1_111' title='bbox 348 2162 676 2234; x_wconf 87' lang='lat' dir='ltr'><strong>Utinam&#39;.</strong></span> <span class='ocrx_word' id='word_1_112' title='bbox 704 2161 933 2255; x_wconf 83' lang='lat' dir='ltr'><strong>igitur</strong></span> <span class='ocrx_word' id='word_1_113' title='bbox 985 2173 1140 2228; x_wconf 81' lang='lat' dir='ltr'><strong>aut</strong></span> <span class='ocrx_word' id='word_1_114' title='bbox 1159 2159 1739 2259; x_wconf 70' lang='lat' dir='ltr'><strong>incorruptiores</strong></span> <span class='ocrx_word' id='word_1_115' title='bbox 1810 2161 1900 2228; x_wconf 89' lang='lat' dir='ltr'><strong>ad</strong></span> <span class='ocrx_word' id='word_1_116' title='bbox 1949 2181 2083 2228; x_wconf 86' lang='lat' dir='ltr'><strong>nos</strong></span> <span class='ocrx_word' id='word_1_117' title='bbox 2130 2163 2513 2254; x_wconf 77' lang='lat' dir='ltr'><strong>pervenis-</strong></span> 
     </span>
     <span class='ocr_line' id='line_1_16' title="bbox 349 2292 2515 2388; baseline -0.001 -19"><span class='ocrx_word' id='word_1_118' title='bbox 349 2313 514 2369; x_wconf 83' lang='lat' dir='ltr'><strong>sent</strong></span> <span class='ocrx_word' id='word_1_119' title='bbox 577 2295 1150 2366; x_wconf 84' lang='lat' dir='ltr'><strong>veterrimorum</strong></span> <span class='ocrx_word' id='word_1_120' title='bbox 1212 2294 1523 2363; x_wconf 89' lang='lat' dir='ltr'><strong>illorum</strong></span> <span class='ocrx_word' id='word_1_121' title='bbox 1604 2292 2044 2388; x_wconf 83' lang='lat' dir='ltr'><strong>scriptorum</strong></span> <span class='ocrx_word' id='word_1_122' title='bbox 2118 2294 2515 2387; x_wconf 82' lang='lat' dir='ltr'><strong>reliquiae,</strong></span> 
     </span>
     <span class='ocr_line' id='line_1_17' title="bbox 352 2412 2517 2525; baseline -0.001 -22"><span class='ocrx_word' id='word_1_123' title='bbox 352 2447 481 2503; x_wconf 82' lang='lat' dir='ltr'><strong>aut</strong></span> <span class='ocrx_word' id='word_1_124' title='bbox 526 2412 930 2502; x_wconf 85' lang='lat' dir='ltr'><strong>intentiore</strong></span> <span class='ocrx_word' id='word_1_125' title='bbox 983 2452 1156 2499; x_wconf 87' lang='lat' dir='ltr'><strong>cura</strong></span> <span class='ocrx_word' id='word_1_126' title='bbox 1201 2428 1286 2497; x_wconf 89' lang='lat' dir='ltr'><strong>in</strong></span> <span class='ocrx_word' id='word_1_127' title='bbox 1336 2452 1452 2499; x_wconf 90' lang='lat' dir='ltr'><strong>eas</strong></span> <span class='ocrx_word' id='word_1_128' title='bbox 1484 2464 1489 2473; x_wconf 92' lang='lat'>·</span> <span class='ocrx_word' id='word_1_129' title='bbox 1518 2426 1981 2523; x_wconf 83' lang='lat' dir='ltr'><strong>declarandas</strong></span> <span class='ocrx_word' id='word_1_130' title='bbox 2042 2430 2517 2525; x_wconf 80' lang='lat' dir='ltr'><strong>pristinoque</strong></span> 
     </span>
     <span class='ocr_line' id='line_1_18' title="bbox 353 2548 2517 2655; baseline -0.003 -14"><span class='ocrx_word' id='word_1_131' title='bbox 353 2566 583 2641; x_wconf 88' lang='lat' dir='ltr'><strong>nitori</strong></span> <span class='ocrx_word' id='word_1_132' title='bbox 632 2562 1110 2635; x_wconf 86' lang='lat' dir='ltr'><strong>restituendas</strong></span> <span class='ocrx_word' id='word_1_133' title='bbox 1175 2561 1680 2633; x_wconf 85' lang='lat' dir='ltr'><strong>incubuissent</strong></span> <span class='ocrx_word' id='word_1_134' title='bbox 1751 2564 1917 2633; x_wconf 50' lang='lat' dir='ltr'><strong>viri*</strong></span> <span class='ocrx_word' id='word_1_135' title='bbox 1958 2548 2262 2655; x_wconf 72' lang='lat' dir='ltr'><strong>eruditi!</strong></span> <span class='ocrx_word' id='word_1_136' title='bbox 2362 2566 2517 2634; x_wconf 88' lang='lat' dir='ltr'><strong>Ve-</strong></span> 
     </span>
     <span class='ocr_line' id='line_1_19' title="bbox 353 2696 2516 2795; baseline -0.001 -24"><span class='ocrx_word' id='word_1_137' title='bbox 353 2724 524 2771; x_wconf 88' lang='lat' dir='ltr'><strong>rum</strong></span> <span class='ocrx_word' id='word_1_138' title='bbox 574 2698 926 2769; x_wconf 86' lang='lat' dir='ltr'><strong>senticeta</strong></span> <span class='ocrx_word' id='word_1_139' title='bbox 973 2696 1158 2766; x_wconf 86' lang='lat' dir='ltr'><strong>haec</strong></span> <span class='ocrx_word' id='word_1_140' title='bbox 1203 2696 1541 2789; x_wconf 87' lang='lat' dir='ltr'><strong>plerique</strong></span> <span class='ocrx_word' id='word_1_141' title='bbox 1562 2716 1829 2767; x_wconf 75' lang='lat' dir='ltr'><strong>‘omnes</strong></span> <span class='ocrx_word' id='word_1_142' title='bbox 1858 2699 2325 2795; x_wconf 72' lang='lat' dir='ltr'><strong>refugerunt,·</strong></span> <span class='ocrx_word' id='word_1_143' title='bbox 2357 2722 2516 2769; x_wconf 49' lang='lat' dir='ltr'><strong>&gt;nec</strong></span> 
     </span>
     <span class='ocr_line' id='line_1_20' title="bbox 347 2804 2513 2929; baseline -0.001 -26"><span class='ocrx_word' id='word_1_144' title='bbox 347 2804 488 2929; x_wconf 31' lang='lat' dir='ltr'><strong>&#39;per</strong></span> <span class='ocrx_word' id='word_1_145' title='bbox 537 2834 674 2901; x_wconf 79' lang='lat' dir='ltr'><strong>hos</strong></span> <span class='ocrx_word' id='word_1_146' title='bbox 725 2832 1080 2919; x_wconf 79' lang='lat' dir='ltr'><strong>ducentos</strong></span> <span class='ocrx_word' id='word_1_147' title='bbox 1147 2827 1419 2919; x_wconf 79' lang='lat' dir='ltr'><strong>annoS,</strong></span> <span class='ocrx_word' id='word_1_148' title='bbox 1494 2852 1584 2899; x_wconf 86' lang='lat' dir='ltr'><strong>ex</strong></span> <span class='ocrx_word' id='word_1_149' title='bbox 1647 2854 1795 2922; x_wconf 92' lang='lat' dir='ltr'><strong>quo</strong></span> <span class='ocrx_word' id='word_1_150' title='bbox 1845 2830 2188 2901; x_wconf 83' lang='lat' dir='ltr'><strong>Scriverii</strong></span> <span class='ocrx_word' id='word_1_151' title='bbox 2236 2832 2513 2901; x_wconf 87' lang='lat' dir='ltr'><strong>Vossii-</strong></span> 
     </span>
     <span class='ocr_line' id='line_1_21' title="bbox 302 2952 2553 3059; baseline -0 -23"><span class='ocrx_word' id='word_1_152' title='bbox 302 2996 311 3013; x_wconf 75' lang='lat'><strong><em>¹</em></strong></span> <span class='ocrx_word' id='word_1_153' title='bbox 356 2990 500 3059; x_wconf 88' lang='lat' dir='ltr'><strong>que</strong></span> <span class='ocrx_word' id='word_1_154' title='bbox 549 2964 640 3039; x_wconf 87' lang='lat' dir='ltr'><strong>de</strong></span> <span class='ocrx_word' id='word_1_155' title='bbox 677 2964 1022 3059; x_wconf 81' lang='lat' dir='ltr'><strong>‘Tragicis</strong></span> <span class='ocrx_word' id='word_1_156' title='bbox 1073 2952 1319 3045; x_wconf 84' lang='lat' dir='ltr'><strong>latinis</strong></span> <span class='ocrx_word' id='word_1_157' title='bbox 1390 2961 1657 3057; x_wconf 83' lang='lat' dir='ltr'><strong>scripta</strong></span> <span class='ocrx_word' id='word_1_158' title='bbox 1702 2963 2177 3057; x_wconf 83' lang='lat' dir='ltr'><strong>prodierunt,</strong></span> <span class='ocrx_word' id='word_1_159' title='bbox 2240 2964 2513 3035; x_wconf 85' lang='lat' dir='ltr'><strong>similis</strong></span> <span class='ocrx_word' id='word_1_160' title='bbox 2536 3033 2553 3045; x_wconf 84' lang='lat'><em>,</em></span> 
     </span>
     <span class='ocr_line' id='line_1_22' title="bbox 358 3078 2510 3200; baseline 0 -30"><span class='ocrx_word' id='word_1_161' title='bbox 358 3099 776 3200; x_wconf 84' lang='lat' dir='ltr'><strong>argumenti</strong></span> <span class='ocrx_word' id='word_1_162' title='bbox 807 3096 1212 3191; x_wconf 86' lang='lat' dir='ltr'><strong>quidquam</strong></span> <span class='ocrx_word' id='word_1_163' title='bbox 1242 3078 1717 3191; x_wconf 35' lang='lat' dir='ltr'><strong>publicatum·</strong></span> <span class='ocrx_word' id='word_1_164' title='bbox 1734 3098 1917 3187; x_wconf 80' lang='lat' dir='ltr'><strong>fuit,</strong></span> <span class='ocrx_word' id='word_1_165' title='bbox 1966 3098 2163 3191; x_wconf 90' lang='lat' dir='ltr'><strong>quod</strong></span> <span class='ocrx_word' id='word_1_166' title='bbox 2202 3096 2510 3193; x_wconf 86' lang='lat' dir='ltr'><strong>quidem</strong></span> 
     </span>
     <span class='ocr_line' id='line_1_23' title="bbox 239 3202 2512 3333; baseline -0.001 -28"><span class='ocrx_word' id='word_1_167' title='bbox 239 3216 246 3223; x_wconf 40' lang='lat'><em>⁶</em></span> <span class='ocrx_word' id='word_1_168' title='bbox 357 3233 782 3333; x_wconf 83' lang='lat' dir='ltr'><strong>cognovisse</strong></span> <span class='ocrx_word' id='word_1_169' title='bbox 829 3253 1096 3327; x_wconf 83' lang='lat' dir='ltr'><strong>operae</strong></span> <span class='ocrx_word' id='word_1_170' title='bbox 1133 3232 1247 3320; x_wconf 87' lang='lat' dir='ltr'><strong>sit,</strong></span> <span class='ocrx_word' id='word_1_171' title='bbox 1297 3202 1583 3325; x_wconf 67' lang='lat' dir='ltr'><strong>praeter</strong></span> <span class='ocrx_word' id='word_1_172' title='bbox 1632 3233 2105 3303; x_wconf 80' lang='lat' dir='ltr'><strong>collectiones</strong></span> <span class='ocrx_word' id='word_1_173' title='bbox 2155 3230 2512 3325; x_wconf 87' lang='lat' dir='ltr'><strong>quasdam</strong></span> 
     </span>
     <span class='ocr_line' id='line_1_24' title="bbox 345 3348 2512 3465; baseline -0.001 -26"><span class='ocrx_word' id='word_1_174' title='bbox 345 3348 768 3465; x_wconf 69' lang='lat' dir='ltr'><strong>poetarum,</strong></span> <span class='ocrx_word' id='word_1_175' title='bbox 822 3366 990 3436; x_wconf 87' lang='lat' dir='ltr'><strong>satis</strong></span> <span class='ocrx_word' id='word_1_176' title='bbox 1022 3366 1486 3461; x_wconf 83' lang='lat' dir='ltr'><strong>negligenter</strong></span> <span class='ocrx_word' id='word_1_177' title='bbox 1515 3352 1780 3457; x_wconf 79' lang='lat' dir='ltr'><strong>factaS,&#39;</strong></span> <span class='ocrx_word' id='word_1_178' title='bbox 1814 3368 2512 3441; x_wconf 85' lang='lat' dir='ltr'><strong>commentationes-</strong></span> 
     </span>
     <span class='ocr_line' id='line_1_25' title="bbox 358 3488 2509 3595; baseline -0.001 -22"><span class='ocrx_word' id='word_1_179' title='bbox 358 3526 505 3595; x_wconf 89' lang='lat' dir='ltr'><strong>que</strong></span> <span class='ocrx_word' id='word_1_180' title='bbox 568 3524 802 3595; x_wconf 84' lang='lat' dir='ltr'><strong>nuper</strong></span> <span class='ocrx_word' id='word_1_181' title='bbox 867 3502 1178 3595; x_wconf 77' lang='lat' dir='ltr'><strong>Henrici</strong></span> <span class='ocrx_word' id='word_1_182' title='bbox 1247 3501 1584 3579; x_wconf 81' lang='lat' dir='ltr'><strong>Planckii</strong></span> <span class='ocrx_word' id='word_1_183' title='bbox 1652 3517 1725 3573; x_wconf 88' lang='lat' dir='ltr'><strong>et</strong></span> <span class='ocrx_word' id='word_1_184' title='bbox 1788 3504 1844 3575; x_wconf 91' lang='lat' dir='ltr'>F</span> <span class='ocrx_word' id='word_1_185' title='bbox 1844 3502 2141 3573; x_wconf 86' lang='lat' dir='ltr'><strong>riderici</strong></span> <span class='ocrx_word' id='word_1_186' title='bbox 2203 3488 2509 3594; x_wconf 50' lang='lat' dir='ltr'><strong>Osannss</strong></span> 
     </span>
     <span class='ocr_line' id='line_1_26' title="bbox 329 3612 2511 3729; baseline 0 -21"><span class='ocrx_word' id='word_1_187' title='bbox 329 3639 455 3708; x_wconf 85' lang='lat' dir='ltr'><strong>de</strong></span> <span class='ocrx_word' id='word_1_188' title='bbox 505 3635 770 3729; x_wconf 80' lang='lat' dir='ltr'><strong>quibus</strong></span> <span class='ocrx_word' id='word_1_189' title='bbox 825 3636 1571 3708; x_wconf 82' lang='lat' dir='ltr'><strong>commentationibus</strong></span> <span class='ocrx_word' id='word_1_190' title='bbox 1606 3634 1806 3707; x_wconf 60' lang='lat' dir='ltr'><strong>ride</strong></span> <span class='ocrx_word' id='word_1_191' title='bbox 1855 3612 2104 3711; x_wconf 87' lang='lat' dir='ltr'><strong>notata</strong></span> <span class='ocrx_word' id='word_1_192' title='bbox 2152 3636 2364 3709; x_wconf 87' lang='lat' dir='ltr'><strong>nobis</strong></span> <span class='ocrx_word' id='word_1_193' title='bbox 2384 3624 2511 3709; x_wconf 66' lang='lat' dir='ltr'><strong>‘aad</strong></span> 
     </span>
     <span class='ocr_line' id='line_1_27' title="bbox 344 3748 2384 3884; baseline 0 -43"><span class='ocrx_word' id='word_1_194' title='bbox 344 3748 557 3841; x_wconf 39' lang='lat' dir='ltr'><strong>xLivii</strong></span> <span class='ocrx_word' id='word_1_195' title='bbox 608 3760 1012 3849; x_wconf 81' lang='lat' dir='ltr'><strong>Andronici</strong></span> <span class='ocrx_word' id='word_1_196' title='bbox 1059 3770 1433 3884; x_wconf 72' lang='lat' dir='ltr'><strong>Enniique</strong></span> <span class='ocrx_word' id='word_1_197' title='bbox 1480 3769 1903 3843; x_wconf 82' lang='lat' dir='ltr'><strong>fabularum</strong></span> <span class='ocrx_word' id='word_1_198' title='bbox 1950 3767 2384 3869; x_wconf 63' lang='lat' dir='ltr'><strong>fragmenta.</strong></span> 
     </span>
     <span class='ocr_line' id='line_1_28' title="bbox 513 3893 2509 4011; baseline 0.003 -40"><span class='ocrx_word' id='word_1_199' title='bbox 513 3905 760 4003; x_wconf 81' lang='lat' dir='ltr'><strong>Quare</strong></span> <span class='ocrx_word' id='word_1_200' title='bbox 825 3905 910 3975; x_wconf 87' lang='lat' dir='ltr'><strong>in</strong></span> <span class='ocrx_word' id='word_1_201' title='bbox 956 3906 1150 3977; x_wconf 85' lang='lat' dir='ltr'><strong>hanc</strong></span> <span class='ocrx_word' id='word_1_202' title='bbox 1200 3930 1497 3979; x_wconf 86' lang='lat' dir='ltr'><strong>arenam</strong></span> <span class='ocrx_word' id='word_1_203' title='bbox 1562 3907 1787 4011; x_wconf 78' lang='lat' dir='ltr'><strong>etiam</strong></span> <span class='ocrx_word' id='word_1_204' title='bbox 1850 3908 2005 4003; x_wconf 86' lang='lat' dir='ltr'><strong>ipse</strong></span> <span class='ocrx_word' id='word_1_205' title='bbox 2064 3893 2509 3983; x_wconf 78' lang='lat' dir='ltr'><strong>descendens</strong></span> 
     </span>
     <span class='ocr_line' id='line_1_29' title="bbox 362 4033 2507 4151; baseline 0.002 -44"><span class='ocrx_word' id='word_1_206' title='bbox 362 4036 659 4131; x_wconf 83' lang='lat' dir='ltr'><strong>veniam</strong></span> <span class='ocrx_word' id='word_1_207' title='bbox 707 4050 928 4151; x_wconf 59' lang='lat' dir='ltr'><strong>spero⁶</strong></span> <span class='ocrx_word' id='word_1_208' title='bbox 969 4064 1092 4111; x_wconf 89' lang='lat' dir='ltr'><strong>me</strong></span> <span class='ocrx_word' id='word_1_209' title='bbox 1139 4041 1741 4137; x_wconf 86' lang='lat' dir='ltr'><strong>impetraturum,</strong></span> <span class='ocrx_word' id='word_1_210' title='bbox 1792 4042 1855 4115; x_wconf 88' lang='lat' dir='ltr'><strong>si</strong></span> <span class='ocrx_word' id='word_1_211' title='bbox 1902 4038 2267 4115; x_wconf 75' lang='lat' dir='ltr'><strong>non-tam</strong></span> <span class='ocrx_word' id='word_1_212' title='bbox 2314 4033 2507 4113; x_wconf 88' lang='lat' dir='ltr'><strong>illu-d</strong></span> 
     </span>
    </p>
   </div>
   <div class='ocr_carea' id='block_1_3' title="bbox 2623 1685 2639 2340">
    <p class='ocr_par' dir='ltr' id='par_1_3' title="bbox 2623 1685 2639 2340">
     <span class='ocr_line' id='line_1_30' title="bbox 2623 1685 2639 2340; baseline 0 0"><span class='ocrx_word' id='word_1_213' title='bbox 2623 1685 2639 2340; x_wconf 95' lang='lat' dir='ltr'><strong> </strong></span> 
     </span>
    </p>
   </div>
  </div>
 </body>
</html>
