2642 4650
2163 119 2182 156 ἱ

434 225 461 248 Ο
524 239 530 249 .

558 327 715 460 DE,
757 325 1047 398 L1v10·
1082 323 1685 396 ANDRONICO.
1827 431 1832 440 ‚
2151 335 2202 408 3

554 507 742 586 Idem
801 506 984 570 Taso.
1044 505 1324 602 pteaest.
1367 525 1440 582 1,
1485 527 1633 588 cap.
1675 525 1728 570 ι.

236 623 565 688 Doctrina·
597 624 870 704 Graecia
911 641 1029 684 nos
1088 635 1155 683 et
1195 625 1376 684 omni
1415 621 1780 686 litterarum
1820 641 2056 706 genere
2099 643 2207 686 su·

90 713 371 792 perabat3
414 711 487 770 in
530 725 655 790 quo
686 719 821 767 erat
842 705 1032 767 facile
1064 705 1323 766 vincere
1350 724 1484 766 non
1509 718 1967 790 repugnantes.
2031 699 2208 770 Nam

89 813 223 855 cum
263 792 435 874 apud
476 791 753 852 Graecos
794 788 1320 867 antiquissimum
1365 789 1447 850 sit
1489 807 1526 848 e
1565 787 1766 852 doctis
1811 807 2014 872 genus
2057 793 2212 870 poe-e

88 891 285 937 tarum
329 869 678 953 (siquidem
720 869 1050 934 Homerus
1090 871 1218 931 fuit
1259 885 1323 932 et
1366 871 1683 934 Hesiodus
1737 887 1888 934 ante
1916 864 2209 950 'Romam

88 959 439 1028 conditam,
487 954 929 1041 ‚Archilochus
984 967 1301 1038 regnante
1342 951 1690 1032 Romulo),
1746 958 1948 1018 serius
2003 957 2207 1034 pogti-
2269 955 2274 958 '

90 1062 215 1104 cam
252 1061 373 1102 nos
413 1041 811 1118 accepimus:
872 1037 1057 1100 annis
1113 1036 1295 1100 enim
1353 1039 1493 1100 fere
1537 1033 1676 1100 DX.
1741 1052 1887 1118 post
1931 1041 2210 1102 Romam

91 1123 403 1185 conditam
442 1121 745 1182 Livius
782 1120 1077 1182 fabulam
1118 1119 1322 1192 dedit,
1375 1121 1448 1184 C.
1495 1119 1775 1183 Claudio
1819 1122 2012 1183 Caeci
2053 1122 2208 1196 filio,

93 1205 176 1270 M.
212 1205 536 1268 Tuditano
579 1203 750 1266 Coss.
775 1248 793 1275 ,
851 1221 1023 1262 anno
1064 1215 1219 1264 ante
1261 1216 1492 1276 natum
1534 1207 1863 1277 Ennium,
1927 1205 2038 1286 qui
2077 1205 2210 1268 fuit

93 1290 275 1366 major
323 1302 487 1352 natu
541 1303 733 1366 quam
774 1285 1044 1348 Plautus
1098 1299 1164 1346 et
1217 1287 1508 1348 Naevius
1548 1301 1668 1362 etc.
1753 1285 2210 1366 (Mortuus

93 1372 356 1433 fertur
409 1367 988 1435 Livius'Andr.
1046 1387 1103 1430 a.
1146 1367 1229 1431 U.
1276 1369 1350 1434 C.
1395 1377 1562 1433 533.
1651 1369 1912 1431 Certe
1955 1371 2209 1433 ⁸ultra

92 1457 574 1515 annum540.
620 1469 807 1514 eum
846 1469 1011 1512 non
1048 1451 1392 1527 vixis-se,
1435 1453 2018 1534 probabiliter
2050 1455 2206 1518 col-

94 1537 273 1620 ligit
312 1535 609 1598 Osann.
650 1533 695 1597 1.
735 1535 783 1596 1.
826 1555 887 1615 p.
930 1530 1077 1623 728.)

710 1698 899 1760 Idem
942 1697 1027 1758 de
1076 1697 1326 1762 senece.
1369 1719 1424 1762 c.
1468 1683 1568 1792 iq.

236 1813 379 1876 Vidi
441 1815 638 1875 etiam
699 1807 1397 1889 (loquitur-cato
1439 1811 1750 1892 major)
1807 1835 2031 1880 senem
2085 1819 2210 1882 Li-

104 1901 333 1969 vium,
436 1899 718 1958 ui-cum
774 1913 891 1974 sex
945 1911 1183 1966 annos,
1242 1909 1594 1976 antequam
1641 1917 1674 1956 e
1725 1914 1762 1958 o
1799 1911 1994 1960 natus
2037 1919 2207 1976 sum,

105 1979 365 2051 fabulam
450 1981 723 2042 ocuisset
766 1975 1065 2038 Centone
1104 1973 1254 2049 (vid.
1298 1977 1472 2037 Clav.
1518 1979 1652 2041 Cic.
1745 2023 1764 2042 .
1805 1979 1899 2060 v.)
1941 1982 2210 2046 Tudita-

97 2081 283 2142 noque
340 2059 551 2134 Cos‘s.,
624 2060 829 2141 usque
901 2057 985 2119 ad
1058 2057 1562 2120 adolescentiam
1627 2081 1850 2126 meam
1899 2071 2209 2150 processit

96 2158 297 2208 aetate.

680 2289 935 2373 Horat.
984 2307 1215 2389 Epist.
1260 2326 1340 2383 9,,
1377 2326 1459 2380 ιτ,
1501 2313 1605 2375 61.

562 2422 780 2485 Habet
818 2422 938 2485 hos
978 2434 1408 2501 numeratque
1451 2426 1669 2503 poetas

240 2508 337 2571 Ad
375 2518 675 2571 nostrum
716 2518 973 2589 tempus
1012 2502 1201 2565 Livi
1244 2508 1564 2588 scriptoris
1603 2507 1689 2569 ab
1727 2526 1904 2573 aevo.

754 2656 767 2759 '-
850 2667 1029 2732 aid.
1086 2690 1255 2731 vers.
1310 2673 1414 2751 69.

238 2788 391 2849 Non
432 2785 739 2869 equidem
776 2783 1057 2851 insector
1098 2784 1459 2845 delendave
1501 2788 1791 2848 carmina
1831 2786 2018 2852 Livi

241 2864 390 2931 Esse
432 2889 618 2947 reor,
659 2862 938 2928 memini
979 2885 1142 2946 quae
1178 2864 1512 3006 plagosum
1555 2868 1725 2930 mihi
1763 2890 1975 2953 parvo·

240 2948 566 3018 Orbilium
608 2950 887 3020 dictare3
931 2948 1042 3009 sed
1082 2968 1274 3010 emen
1322 2962 1425 3009 ata
1465 2949 1666 3011 videri
1763 2966 1772 2971 ·
2043 3022 2050 3027 ὁ

237 3032 600 3114 Pulcraque
643 3044 710 3091 et
753 3031 997 3093 exactis
1040 3032 1396 3093 minimum
1439 3030 1742 3093 distantia
1784 3036 2006 3100 miror.

238 3116 425 3178 Inter
466 3134 626 3197 quae
669 3112 941 3175 verbum
978 3114 1249 3178 emicuit
1292 3114 1346 3172 si
1385 3112 1555 3173 forte
1599 3116 1930 3192 decorum,

240 3198 304 3264 Si
344 3217 565 3259 versus
604 3195 800 3279 paulo
840 3198 1219 3257 concinnior
1261 3214 1430 3255 unus
1474 3210 1539 3257 et
1580 3200 1769 3273 alter,

238 3282 491 3363 Injuste
530 3280 763 3359 totum'
786 3278 968 3367 ducit
1010 3279 1356 3359 venditque
1403 3281 1644 3357 poetria.

374 3420 393 3529 ἰ
532 3428 603 3507 T:
646 3429 893 3507 Livius
940 3441 1315 3535 Historiam
1362 3440 1474 3506 lib.
1515 3464 1572 3523 7.
1617 3466 1669 3505 c.
1713 3464 1773 3513 2.

241 3558 537 3644 Livius
582 3570 719 3638 post
746 3559 997 3640 aliquot
1041 3557 1234 3635 (imo
1275 3556 1424 3635 123)
1468 3578 1666 3621 annos
1711 3554 1835 3640 (ab
1876 3565 2210 3629 institu-

18 3642 20 3651 '
94 3642 189 3701 tis
246 3642 554 3705 Romae
614 3640 851 3703 ludis
908 3642 1319 3719 scenicst,
1381 3663 1434 3703 a.
1491 3643 1572 3705 U.
1633 3645 1710 3709 C.
1769 3654 1958 3720 391,
2022 3664 2213 3712 ante

17 3784 20 3789 ,
96 3722 396 3791 Christ.
442 3737 601 3786 nat.
648 3722 848 3799 361.)‚
908 3726 1020 3803 qui
1062 3723 1142 3784 ab
1187 3720 1413 3786 saturis
1457 3744 1643 3786 ausus
1685 3742 1782 3789 est
1825 3730 2071 3807 primus
2115 3722 2236 3795 αι(

84 3820 392 3895 ὅιιωεῑμει
433 3804 806 3883 fabularum
842 3826 1072 3876 serere,
1120 3804 1323 3880 (idem
1366 3806 1634 3883 scilicet,
1676 3810 1748 3869 id
1789 3812 1956 3890 quod
1987 3830 2212 3877 omnes

94 3900 224 3948 tum
264 3901 484 3961 erant,
530 3908 798 3967 suorum
839 3891 1205 3949 carminum
1249 3888 1489 3965 θεῖοι-ὴ
1535 3890 1812 3963 dicitur,
1875 3912 2026 3957 cum
2075 3916 2209 3957 sae-

94 3969 221 4046 pius
260 3984 596 4034 revocatus
640 3990 867 4033 vocem
911 3972 1296 4044 obtudisset‚
1353 3985 1418 4032 et
1462 3976 1668 4033 venia-
1687 3974 1890 4053 petita
1929 3997 2211 4055 puerum

94 4050 163 4110 ad
200 4044 567 4117 canendum
602 4068 753 4115 ante
781 4051 1119 4117 tibicinem
1153 4058 1612 4129 constituisset,
1650 4052 1977 4123 'canticum
2007 4064 2209 4147 egisse

94 4132 409 4215 aliquanto
452 4138 663 4222 magis
708 4138 967 4221 vigente
1010 4150 1229 4211 motu,
1272 4138 1424 4221 quia
1461 4136 1634 4199 nihii
1674 4142 1862 4201 vocis.
1888 4162 2040 4203 usus
2079 4165 2204 4207 un-
2279 4191 2288 4199 .

2293 362 2302 395 Ι
